@article{truong2020selective,
  title={Selective review of offline change point detection methods},
  author={Truong, Charles and Oudre, Laurent and Vayatis, Nicolas},
  journal={Signal Processing},
  volume={167},
  pages={107299},
  year={2020},
  publisher={Elsevier}
}

@article{taylor2017prophet,
author = {Taylor, Sean and Letham, Benjamin},
year = {2017},
month = {09},
pages = {},
title = {Forecasting at scale},
doi = {10.7287/peerj.preprints.3190v2}
}